<?xml version="1.0" encoding="UTF-8"?><collection xmlns="http://www.loc.gov/MARC21/slim"><record><leader>00488nam--2200181-i-4500</leader><controlfield tag="001">000005080</controlfield><controlfield tag="002">20161230</controlfield><controlfield tag="005">20170116234820</controlfield><controlfield tag="008">060222s1000------------r-----000-0-eng-d</controlfield><datafield ind1=" " ind2=" " tag="080"><subfield code="a">621.039.514</subfield></datafield><datafield ind1=" " ind2=" " tag="100"><subfield code="a">Accini, F</subfield></datafield><datafield ind1=" " ind2=" " tag="245"><subfield code="a">Analysis of a lu-activation experiment for neutron temperature measurement</subfield></datafield><datafield ind1=" " ind2=" " tag="260"><subfield code="a">Roma</subfield><subfield code="b">Centro Informazioni Studi Esperinze</subfield><subfield code="c">1963</subfield></datafield><datafield ind1=" " ind2=" " tag="300"><subfield code="a">8 p</subfield></datafield><datafield ind1=" " ind2=" " tag="490"><subfield code="a">389</subfield></datafield><datafield ind1=" " ind2=" " tag="700"><subfield code="a">Zorzoli, G. B</subfield></datafield><datafield ind1=" " ind2=" " tag="852"><subfield code="a">18824</subfield></datafield><datafield ind1=" " ind2=" " tag="CAT"><subfield code="a">SYS</subfield><subfield code="c">20170116</subfield><subfield code="h">234820</subfield></datafield></record></collection>